@phdthesis{Tob10,
  author = {Tobin-Hochstadt, Sam},
  title = {Typed Scheme: From Scripts to Programs},
  school = {Northeastern University},
  year =   2010
}

@inproceedings{STF09,
  author = {Strickland, T. Stephen and Tobin-Hochstadt, Sam and Felleisen, Matthias},
  title = {Practical Variable-Arity Polymorphism},
  booktitle = {Proceedings of the 18th European Symposium on Programming Languages and Systems: Held as Part of the Joint European Conferences on Theory and Practice of Software, ETAPS 2009},
  series = {ESOP '09},
  year = {2009},
  isbn = {978-3-642-00589-3},
  location = {York, UK},
  pages = {32--46},
  numpages = {15},
  publisher = {Springer-Verlag},
  address = {Berlin, Heidelberg},
} 


@article{Bra98,
  author = {Bracha, Gilad and Odersky, Martin and Stoutamire, David and Wadler, Philip},
  title = {Making the future safe for the past: adding genericity to the Java programming language},
  journal = {SIGPLAN Not.},
  issue_date = {Oct. 1998},
  volume = {33},
  number = {10},
  month = oct,
  year = {1998},
  issn = {0362-1340},
  pages = {183--200},
  numpages = {18},
  url = {http://doi.acm.org/10.1145/286942.286957},
  doi = {10.1145/286942.286957},
  acmid = {286957},
  publisher = {ACM},
  address = {New York, NY, USA},
} 

@article{TF08,
  author = {Tobin-Hochstadt, Sam and Felleisen, Matthias},
  title = {The design and implementation of typed scheme},
  journal = {SIGPLAN Not.},
  issue_date = {January 2008},
  volume = {43},
  number = {1},
  month = jan,
  year = {2008},
  issn = {0362-1340},
  pages = {395--406},
  numpages = {12},
  url = {http://doi.acm.org/10.1145/1328897.1328486},
  acmid = {1328486},
  publisher = {ACM},
  address = {New York, NY, USA},
  keywords = {scheme, type systems}
}

@article{TF10,
  author = {Tobin-Hochstadt, Sam and Felleisen, Matthias},
  title = {Logical types for untyped languages},
  journal = {SIGPLAN Not.},
  issue_date = {September 2010},
  volume = {45},
  number = {9},
  month = sep,
  year = {2010},
  issn = {0362-1340},
  pages = {117--128},
  numpages = {12},
  url = {http://doi.acm.org/10.1145/1932681.1863561},
  acmid = {1863561},
  publisher = {ACM},
  address = {New York, NY, USA},
  keywords = {logic, type systems, untyped languages},
} 

@article{PT00,
  author = {Pierce, Benjamin C. and Turner, David N.},
  title = {Local type inference},
  journal = {ACM Trans. Program. Lang. Syst.},
  issue_date = {Jan. 2000},
  volume = {22},
  number = {1},
  month = jan,
  year = {2000},
  issn = {0164-0925},
  pages = {1--44},
  numpages = {44},
  url = {http://doi.acm.org/10.1145/345099.345100},
  acmid = {345100},
  publisher = {ACM},
  address = {New York, NY, USA},
  keywords = {polymorphism, subtyping, type inference},
} 

@inproceedings{SA+12,
 author = {St-Amour, Vincent and Tobin-Hochstadt, Sam and Flatt, Matthew and Felleisen, Matthias},
 title = {Typing the numeric tower},
 booktitle = {Proceedings of the 14th international conference on Practical Aspects of Declarative Languages},
 series = {PADL'12},
 year = {2012},
 isbn = {978-3-642-27693-4},
 location = {Philadelphia, PA},
 pages = {289--303},
 numpages = {15},
 acmid = {2187146},
 publisher = {Springer-Verlag},
 address = {Berlin, Heidelberg},
}

@ONLINE{CljSeqDoc,
  title = {Clojure sequence Documentation},
  author = {Hickey, Rich},
  year = {2015},
  month = {February},
  url = {http://clojure.org/sequences}
}

@string{dls:short = {Dynamic Languages Syposium}}

@inproceedings{Hic08,
  author = {Hickey, Rich},
  title = {The Clojure programming language},
  booktitle = dls:short,
  series = {DLS '08},
  year = {2008},
  isbn = {978-1-60558-270-2},
  location = {Paphos, Cyprus},
  pages = {1:1--1:1},
  articleno = {1},
  numpages = {1},
  url = {http://doi.acm.org/10.1145/1408681.1408682},
  publisher = {ACM},
  address = {New York, NY, USA},
} 

@INPROCEEDINGS{CM91,
  author = {Luca Cardelli and John C. Mitchell},
  title = {Operations on records},
  booktitle = {Mathematical Structures in Computer Science},
  year = {1991},
  pages = {3--48}
}

@INPROCEEDINGS{Lucassen88polymorphiceffect,
  author = {John M. Lucassen and David K. Gifford},
  title = {Polymorphic effect systems},
  booktitle = {In Principles of Programming Languages (POPL)},
  year = {1988},
  pages = {47--57},
  publisher = {ACM Press}
}

@inproceedings{Vitousek14,
 author = {Vitousek, Michael M. and Kent, Andrew M. and Siek, Jeremy G. and Baker, Jim},
 title = {Design and Evaluation of Gradual Typing for Python},
 booktitle = {Proceedings of the 10th ACM Symposium on Dynamic Languages},
 series = {DLS '14},
 year = {2014},
 isbn = {978-1-4503-3211-8},
 location = {Portland, Oregon, USA},
 pages = {45--56},
 numpages = {12},
 url = {http://doi.acm.org/10.1145/2661088.2661101},
 doi = {10.1145/2661088.2661101},
 acmid = {2661101},
 publisher = {ACM},
 address = {New York, NY, USA},
 keywords = {case study, gradual typing, proxy, python},
} 

@MISC{Wand89typeinference,
  author = {Mitchell Wand},
  title = {Type Inference for Record Concatenation and Multiple Inheritance},
  year = {1989}
}

@INPROCEEDINGS{HP91,
  author = {Robert Harper and Benjamin Pierce},
  title = {A Record Calculus Based on Symmetric Concatenation},
  booktitle = {In Proc. of the ACM Symp. on Principles of Programming Languages},
  year = {1991},
  pages = {131--142},
  publisher = {ACM}
}


@article{CF91,
  author = {Cartwright, Robert and Fagan, Mike},
  title = {Soft typing},
  journal = {SIGPLAN Not.},
  issue_date = {June 1991},
  volume = {26},
  number = {6},
  month = may,
  year = {1991},
  issn = {0362-1340},
  pages = {278--292},
  numpages = {15},
  acmid = {113469},
  publisher = {ACM},
  address = {New York, NY, USA},
} 


@inproceedings{Lindahl:2006:PTI,
  author = {Lindahl, Tobias and Sagonas, Konstantinos},
  title = {Practical Type Inference Based on Success Typings},
  booktitle = {Proceedings of the 8th ACM SIGPLAN International Conference on Principles and Practice of Declarative Programming},
  series = {PPDP '06},
  year = {2006},
  location = {Venice, Italy},
  pages = {167--178},
  numpages = {12},
  acmid = {1140356},
  publisher = {ACM},
  address = {New York, NY, USA},
  keywords = {Erlang, constraint-based type inference, subtyping, success typings},
} 


@article{Wand:1991,
 author = {Wand, Mitchell},
 title = {Type Inference for Record Concatenation and Multiple Inheritance},
 journal = {Inf. Comput.},
 issue_date = {July 1991},
 volume = {93},
 number = {1},
 month = jul,
 year = {1991},
 issn = {0890-5401},
 pages = {1--15},
 numpages = {15},
 url = {http://dx.doi.org/10.1016/0890-5401(91)90050-C},
 doi = {10.1016/0890-5401(91)90050-C},
 acmid = {116982},
 publisher = {Academic Press, Inc.},
 address = {Duluth, MN, USA},
} 

@inproceedings{Chugh:2012:DTJ,
 author = {Chugh, Ravi and Herman, David and Jhala, Ranjit},
 title = {Dependent Types for JavaScript},
 booktitle = {Proceedings of the ACM International Conference on Object Oriented Programming Systems Languages and Applications},
 series = {OOPSLA '12},
 year = {2012},
 isbn = {978-1-4503-1561-6},
 location = {Tucson, Arizona, USA},
 pages = {587--606},
 numpages = {20},
 url = {http://doi.acm.org/10.1145/2384616.2384659},
 doi = {10.1145/2384616.2384659},
 acmid = {2384659},
 publisher = {ACM},
 address = {New York, NY, USA},
 keywords = {JavaScript, arrays, prototype inheritance, refinement types, strong updates},
} 

@inproceedings{Maidl:2014:TLO,
 author = {Maidl, Andr{\'e} Murbach and Mascarenhas, Fabio and Ierusalimschy, Roberto},
 title = {Typed Lua: An Optional Type System for Lua},
 booktitle = {Proceedings of the Workshop on Dynamic Languages and Applications},
 series = {Dyla'14},
 year = {2014},
 isbn = {978-1-4503-2916-3},
 location = {Edinburgh, United Kingdom},
 pages = {3:1--3:10},
 articleno = {3},
 numpages = {10},
 url = {http://doi.acm.org/10.1145/2617548.2617553},
 doi = {10.1145/2617548.2617553},
 acmid = {2617553},
 publisher = {ACM},
 address = {New York, NY, USA},
 keywords = {Lua programming language, gradual typing, optional typing, type systems},
} 

@TECHREPORT{OCD+,
  author = {Martin Odersky and Vincent Cremet and Iulian Dragos and Gilles Dubochet and Burak Emir and Sean McDirmid and St√©phane Micheloud and Nikolay Mihaylov and Michel Schinz and Erik Stenman and Lex Spoon and Matthias Zenger and et al.},
  title = {An overview of the Scala programming language (second edition)},
  year = {2006},
  institution =  {EPFL Lausanne, Switzerland}
}

@INPROCEEDINGS{MS02,
  author = {Todd Millstein and Craig Chambers},
  title = {Modular Statically Typed Multimethods},
  booktitle = {Information and Computation},
  year = {2002},
  pages = {279--303},
  publisher = {Springer-Verlag}
}

@phdthesis{Her10,
  author = {David Herman},
  title = {A Theory of Typed Hygienic Macros},
  school = {Northeastern University},
  address = {Boston, MA},
  year = 2010,
  month = may
}

@inproceedings{Chambers:1994:TMM,
  author = {Chambers, Craig and Leavens, Gary T.},
  title = {Typechecking and Modules for Multi-methods},
  booktitle = {Proceedings of the Ninth Annual Conference on Object-oriented Programming Systems, Language, and Applications},
  series = {OOPSLA '94},
  year = {1994},
  isbn = {0-89791-688-3},
  location = {Portland, Oregon, USA},
  pages = {1--15},
  numpages = {15},
  url = {http://doi.acm.org/10.1145/191080.191083},
  doi = {10.1145/191080.191083},
  acmid = {191083},
  publisher = {ACM},
  address = {New York, NY, USA},
} 

@inproceedings{Chambers:1992:OMC,
  author = {Chambers, Craig},
  title = {Object-Oriented Multi-Methods in Cecil},
  booktitle = {Proceedings of the European Conference on Object-Oriented Programming},
  series = {ECOOP '92},
  year = {1992},
  isbn = {3-540-55668-0},
  pages = {33--56},
  numpages = {24},
  url = {http://dl.acm.org/citation.cfm?id=646150.679216},
  acmid = {679216},
  publisher = {Springer-Verlag},
  address = {London, UK, UK},
} 
